@article{mammola2021concepts,
  title={Concepts and applications in functional diversity},
  author={Mammola, Stefano and Carmona, Carlos P and Guillerme, Thomas and Cardoso, Pedro},
  journal={Functional Ecology},
  volume={35},
  number={9},
  pages={1869--1885},
  year={2021},
  publisher={Wiley Online Library}
}

@article{palacio2022protocol,
  title={A protocol for reproducible functional diversity analyses},
  author={Palacio, Facundo X and Callaghan, Corey T and Cardoso, Pedro and Hudgins, Emma J and Jarzyna, Marta A and Ottaviani, Gianluigi and Riva, Federico and Graco-Roza, Caio and Shirey, Vaughn and Mammola, Stefano},
  journal={Ecography},
  volume={2022},
  number={11},
  pages={e06287},
  year={2022},
  publisher={Wiley Online Library}
}

@article{dawson2021traits,
title={The traits of “trait ecologists”: An analysis of the use of trait and functional trait terminology},
author={Dawson, Samantha K and Carmona, Carlos P{\'e}rez and Gonz{\'a}lez-Su{\'a}rez, Manuela and J{\"o}nsson, Mari and Chichorro, Filipe and Mallen-Cooper, Max and Melero, Yolanda and Moor, Helen and Simaika, John P and Duthie, Alexander Bradley},
journal={Ecology and Evolution},
volume={11},
number={23},
pages={16434--16445},
year={2021},
publisher={Wiley Online Library}
}

@article{luza2023going,
title={Going across taxa in functional ecology: Review and perspectives of an emerging field},
author={Luza, Andr{\'e} L and Barneche, Diego R and Cordeiro, Cesar AMM and Dambros, Cristian S and Ferreira, Carlos EL and Floeter, Sergio R and Giglio, Vinicius J and Luiz, Osmar J and Mendes, Thiago C and Picolotto, Vitor AP and others},
journal={Functional Ecology},
year={2023},
publisher={Wiley Online Library}
}

@article{raup1961geometry,
  title={The geometry of coiling in gastropods},
  author={Raup, David M},
  journal={Proceedings of the National Academy of Sciences},
  volume={47},
  number={4},
  pages={602--609},
  year={1961},
  publisher={National Acad Sciences}
}

@article{gould1991disparity,
  title={The disparity of the Burgess Shale arthropod fauna and the limits of cladistic analysis: why we must strive to quantify morphospace},
  author={Gould, Stephen Jay},
  journal={Paleobiology},
  volume={17},
  number={4},
  pages={411--423},
  year={1991},
  publisher={Cambridge University Press}
}

@article{foote1995morphological,
  title={Morphological diversification of Paleozoic crinoids},
  author={Foote, Mike},
  journal={Paleobiology},
  volume={21},
  number={3},
  pages={273--299},
  year={1995},
  publisher={Cambridge University Press}
}

@article{guillerme2020disparities,
  title={Disparities in the analysis of morphological disparity},
  author={Guillerme, Thomas and Cooper, Natalie and Brusatte, Stephen L and Davis, Katie E and Jackson, Andrew L and Gerber, Sylvain and Goswami, Anjali and Healy, Kevin and Hopkins, Melanie J and Jones, Marc EH and others},
  journal={Biology letters},
  volume={16},
  number={7},
  pages={20200199},
  year={2020},
  publisher={The Royal Society}
}

@article{mcgill2006rebuilding,
title={Rebuilding community ecology from functional traits},
author={McGill, Brian J and Enquist, Brian J and Weiher, Evan and Westoby, Mark},
journal={Trends in ecology \& evolution},
volume={21},
number={4},
pages={178--185},
year={2006},
publisher={Elsevier}
}

@article{violle2014emergence,
title={The emergence and promise of functional biogeography},
author={Violle, Cyrille and Reich, Peter B and Pacala, Stephen W and Enquist, Brian J and Kattge, Jens},
journal={Proceedings of the National Academy of Sciences},
volume={111},
number={38},
pages={13690--13696},
year={2014},
publisher={National Acad Sciences}
}

@article{chichorro2022trait,
  title={Trait-based prediction of extinction risk across terrestrial taxa},
  author={Chichorro, Filipe and Urbano, Fernando and Teixeira, Dinarte and V{\"a}re, Henry and Pinto, Tiago and Brummitt, Neil and He, Xiaolan and Hochkirch, Axel and Hyv{\"o}nen, Jaakko and Kaila, Lauri and others},
  journal={Biological Conservation},
  volume={274},
  pages={109738},
  year={2022},
  publisher={Elsevier}
}

@article{chapin1993evolution,
  title={Evolution of suites of traits in response to environmental stress},
  author={Chapin III, F Stuart and Autumn, Kellar and Pugnaire, Francisco},
  journal={The American Naturalist},
  volume={142},
  pages={S78--S92},
  year={1993},
  publisher={University of Chicago Press}
}

@article{wiens2023trait,
  title={Trait-based species richness: ecology and macroevolution},
  author={Wiens, John J},
  journal={Biological Reviews},
  volume={98},
  number={4},
  pages={1365--1387},
  year={2023},
  publisher={Wiley Online Library}
}

@article{martin2015plant,
  title={Plant functional traits in agroecosystems: a blueprint for research},
  author={Martin, Adam R and Isaac, Marney E},
  journal={Journal of Applied Ecology},
  volume={52},
  number={6},
  pages={1425--1435},
  year={2015},
  publisher={Wiley Online Library}
}

@article{anand1994pattern,
title={Pattern, process and mechanism-the fundamentals of scientific inquiry applied to vegetation science},
author={Anand, Madhur},
journal={Coenoses},
pages={81--92},
year={1994},
publisher={JSTOR}
}

@article{violle2007let,
  title={Let the concept of trait be functional!},
  author={Violle, Cyrille and Navas, Marie-Laure and Vile, Denis and Kazakou, Elena and Fortunel, Claire and Hummel, Ir{\`e}ne and Garnier, Eric},
  journal={Oikos},
  volume={116},
  number={5},
  pages={882--892},
  year={2007},
  publisher={Wiley Online Library}
}

@article{martinez2021habitat,
title={Habitat differences filter functional diversity of low dispersive microscopic animals (Acari, Halacaridae)},
author={Mart{\'\i}nez, Alejandro and Garc{\'\i}a-G{\'o}mez, Guillermo and Garc{\'\i}a-Herrero, {\'A}lvaro and S{\'a}nchez, Nuria and Pardos, Fernando and Izquierdo-Mu{\~n}oz, Andr{\'e}s and Fontaneto, Diego and Mammola, Stefano},
journal={Hydrobiologia},
volume={848},
number={11},
pages={2681--2698},
year={2021},
publisher={Springer}
}

@article{belmaker2013spatial,
title={Spatial scaling of functional structure in bird and mammal assemblages},
author={Belmaker, Jonathan and Jetz, Walter},
journal={The American Naturalist},
volume={181},
number={4},
pages={464--478},
year={2013},
publisher={University of Chicago Press Chicago, IL}
}

@article{jarzyna2018taxonomic,
title={Taxonomic and functional diversity change is scale dependent},
author={Jarzyna, Marta A and Jetz, Walter},
journal={Nature Communications},
volume={9},
number={1},
pages={2565},
year={2018},
publisher={Nature Publishing Group UK London}
}

@article{lamanna2014functional,
title={Functional trait space and the latitudinal diversity gradient},
author={Lamanna, Christine and Blonder, Benjamin and Violle, Cyrille and Kraft, Nathan JB and Sandel, Brody and {\v{S}}{\'\i}mov{\'a}, Irena and Donoghue, John C and Svenning, Jens-Christian and McGill, Brian J and Boyle, Brad and others},
journal={Proceedings of the National Academy of Sciences},
volume={111},
number={38},
pages={13745--13750},
year={2014},
publisher={National Acad Sciences}
}

@article{bjorkman2018plant,
title={Plant functional trait change across a warming tundra biome},
author={Bjorkman, Anne D and Myers-Smith, Isla H and Elmendorf, Sarah C and Normand, Signe and R{\"u}ger, Nadja and Beck, Pieter SA and Blach-Overgaard, Anne and Blok, Daan and Cornelissen, J Hans C and Forbes, Bruce C and others},
journal={Nature},
volume={562},
number={7725},
pages={57--62},
year={2018},
publisher={Nature publishing group}
}

@article{mclean2021trait,
title={Trait similarity in reef fish faunas across the world’s oceans},
author={McLean, Matthew and Stuart-Smith, Rick D and Vill{\'e}ger, S{\'e}bastien and Auber, Arnaud and Edgar, Graham J and MacNeil, M Aaron and Loiseau, Nicolas and Leprieur, Fabien and Mouillot, David},
journal={Proceedings of the National Academy of Sciences},
volume={118},
number={12},
pages={e2012318118},
year={2021},
publisher={National Acad Sciences}
}

@article{carvalho2020decomposing,
  title={Decomposing the causes for niche differentiation between species using hypervolumes},
  author={Carvalho, Jos{\'e} Carlos and Cardoso, Pedro},
  journal={Frontiers in Ecology and Evolution},
  volume={8},
  pages={243},
  year={2020},
  publisher={Frontiers Media SA}
}

@article{bausman2018modeling,
  title={Modeling: neutral, null, and baseline},
  author={Bausman, William C},
  journal={Philosophy of Science},
  volume={85},
  number={4},
  pages={594--616},
  year={2018},
  publisher={Cambridge University Press}
}

@article{guillerme2020shifting,
  title={Shifting spaces: Which disparity or dissimilarity measurement best summarize occupancy in multidimensional spaces?},
  author={Guillerme, Thomas and Puttick, Mark N and Marcy, Ariel E and Weisbecker, Vera},
  journal={Ecology and evolution},
  volume={10},
  number={14},
  pages={7261--7275},
  year={2020},
  publisher={Wiley Online Library}
}

@article{guillerme2018disprity,
  title={dispRity: a modular R package for measuring disparity},
  author={Guillerme, Thomas},
  journal={Methods in Ecology and Evolution},
  volume={9},
  number={7},
  pages={1755--1763},
  year={2018},
  publisher={Wiley Online Library}
}

  @Manual{rcore,
    title = {R: A Language and Environment for Statistical Computing},
    author = {{R Core Team}},
    organization = {R Foundation for Statistical Computing},
    address = {Vienna, Austria},
    year = {2024},
    url = {https://www.R-project.org/},
  }

@article{guillerme2024treats,
  title={treats: A modular R package for simulating trees and traits},
  author={Guillerme, Thomas},
  journal={Methods in Ecology and Evolution},
  volume={15},
  number={4},
  pages={647--656},
  year={2024},
  publisher={Wiley Online Library}
}

@article{carmona2019trait,
  title={Trait probability density (TPD): measuring functional diversity across scales based on TPD with R},
  author={Carmona, Carlos P and de Bello, Francesco and Mason, Norman WH and Lep{\v{s}}, Jan},
  journal={Ecology},
  volume={100},
  number={12},
  pages={e02876},
  year={2019},
  publisher={Wiley Online Library}
}

@book{bellman1957dynamic,
  title={Dynamic Programming},
  author={Bellman, R. and Rand Corporation and Karreman Mathematics Research Collection},
  isbn={9780691079516},
  lccn={57005444},
  series={Rand Corporation research study},
  url={https://books.google.co.uk/books?id=wdtoPwAACAAJ},
  year={1957},
  publisher={Princeton University Press}
}

@article{cornwell2006trait,
  title={A trait-based test for habitat filtering: convex hull volume},
  author={Cornwell, William K and Schwilk, Dylan W and Ackerly, David D},
  journal={Ecology},
  volume={87},
  number={6},
  pages={1465--1471},
  year={2006},
  publisher={Wiley Online Library}
}

@article{hardin1960competitive,
  title={The competitive exclusion principle: an idea that took a century to be born has implications in ecology, economics, and genetics.},
  author={Hardin, Garrett},
  journal={science},
  volume={131},
  number={3409},
  pages={1292--1297},
  year={1960},
  publisher={American Association for the Advancement of Science}
}

@article{macarthur1967limiting,
  title={The limiting similarity, convergence, and divergence of coexisting species},
  author={MacArthur, Robert and Levins, Richard},
  journal={The american naturalist},
  volume={101},
  number={921},
  pages={377--385},
  year={1967},
  publisher={Science Press}
}

@article{cardoso2015bat,
  title={BAT--Biodiversity Assessment Tools, an R package for the measurement and estimation of alpha and beta taxon, phylogenetic and functional diversity},
  author={Cardoso, Pedro and Rigal, Fran{\c{c}}ois and Carvalho, Jos{\'e} C},
  journal={Methods in Ecology and Evolution},
  volume={6},
  number={2},
  pages={232--236},
  year={2015},
  publisher={Wiley Online Library}
}

@article{mammola2020functional,
  title={Functional diversity metrics using kernel density n-dimensional hypervolumes},
  author={Mammola, Stefano and Cardoso, Pedro},
  journal={Methods in Ecology and Evolution},
  volume={11},
  number={8},
  pages={986--995},
  year={2020},
  publisher={Wiley Online Library}
}

  @Article{Laliberte2010FD,
    title = {A distance-based framework for measuring functional
      diversity from multiple traits},
    author = {Etienne Laliberté and Pierre Legendre},
    journal = {Ecology},
    year = {2010},
    volume = {91},
    pages = {299--305},
  }

@article{villeger2008new,
  title={New multidimensional functional diversity indices for a multifaceted framework in functional ecology},
  author={Vill{\'e}ger, S{\'e}bastien and Mason, Norman WH and Mouillot, David},
  journal={Ecology},
  volume={89},
  number={8},
  pages={2290--2301},
  year={2008},
  publisher={Wiley Online Library}
}


@article{deBello2016functional,
  title={Functional diversity through the mean trait dissimilarity: resolving shortcomings with existing paradigms and algorithms},
  author={de Bello, Francesco and Carmona, Carlos P and Lep{\v{s}}, Jan and Szava-Kovats, Robert and P{\"a}rtel, Meelis},
  journal={Oecologia},
  volume={180},
  pages={933--940},
  year={2016},
  publisher={Springer}
}


@article{botta2005rao,
  title={Rao's quadratic entropy as a measure of functional diversity based on multiple traits},
  author={Botta-Duk{\'a}t, Zolt{\'a}n},
  journal={Journal of vegetation science},
  volume={16},
  number={5},
  pages={533--540},
  year={2005},
  publisher={Wiley Online Library}
}

@article{petchey2002functional,
  title={Functional diversity (FD), species richness and community composition},
  author={Petchey, Owen L and Gaston, Kevin J},
  journal={Ecology letters},
  volume={5},
  number={3},
  pages={402--411},
  year={2002},
  publisher={Wiley Online Library}
}

@book{Walther2022,
place={Honolulu},
title={Extinct birds of Hawai'i},
publisher={Mutual Publishing},
author={Walther, M. and Hume, J.},
year={2022}
}

@article{matthews2023global,
title={A global analysis of avian island diversity--area relationships in the Anthropocene},
author={Matthews, Thomas J and Wayman, Joseph P and Whittaker, Robert J and Cardoso, Pedro and Hume, Julian P and Sayol, Ferran and Proios, Konstantinos and Martin, Thomas E and Baiser, Benjamin and Borges, Paulo AV and others},
journal={Ecology Letters},
volume={26},
number={6},
pages={965--982},
year={2023},
publisher={Wiley Online Library}
}

@article{tobias2022avonet,
title={AVONET: morphological, ecological and geographical data for all birds},
author={Tobias, Joseph A and Sheard, Catherine and Pigot, Alex L and Devenish, Adam JM and Yang, Jingyi and Sayol, Ferran and Neate-Clegg, Montague HC and Alioravainen, Nico and Weeks, Thomas L and Barber, Robert A and others},
journal={Ecology Letters},
volume={25},
number={3},
pages={581--597},
year={2022},
publisher={Wiley Online Library}
}


@article{pigot2020macroevolutionary,
title={Macroevolutionary convergence connects morphological form to ecological function in birds},
author={Pigot, Alex L and Sheard, Catherine and Miller, Eliot T and Bregman, Tom P and Freeman, Benjamin G and Roll, Uri and Seddon, Nathalie and Trisos, Christopher H and Weeks, Brian C and Tobias, Joseph A},
journal={Nature Ecology \& Evolution},
volume={4},
number={2},
pages={230--239},
year={2020},
publisher={Nature Publishing Group UK London}
}

@article{sheard2020ecological,
title={Ecological drivers of global gradients in avian dispersal inferred from wing morphology},
author={Sheard, Catherine and Neate-Clegg, Montague HC and Alioravainen, Nico and Jones, Samuel EI and Vincent, Claire and MacGregor, Hannah EA and Bregman, Tom P and Claramunt, Santiago and Tobias, Joseph A},
journal={Nature communications},
volume={11},
number={1},
pages={2463},
year={2020},
publisher={Nature Publishing Group UK London}
}

@article{sayol2021loss,
title={Loss of functional diversity through anthropogenic extinctions of island birds is not offset by biotic invasions},
author={Sayol, Ferran and Cooke, Robert SC and Pigot, Alex L and Blackburn, Tim M and Tobias, Joseph A and Steinbauer, Manuel J and Antonelli, Alexandre and Faurby, S{\o}ren},
journal={Science Advances},
volume={7},
number={46},
pages={eabj5790},
year={2021},
publisher={American Association for the Advancement of Science}
}

@article{Matthews2022,
title={Threatened and extinct island endemic birds of the world: distribution, threats and functional diversity},
author={Matthews, Thomas J. and Wayman, Joseph P. and Cardoso, Pedro and Sayol, Ferran and Hume, Julian P. and Ulrich, Werner and Tobias, Joseph A. and Soares, Filipa C. and Thébaud, Christophe and Martin, Thomas E. and Triantis, Kostas A.},
journal={Journal of Biogeography},
volume={118},
pages={1920-1940},
year={2022}}

@article{samuel2011dynamics,
title={The dynamics, transmission, and population impacts of avian malaria in native Hawaiian birds: a modeling approach},
author={Samuel, Michael D and Hobbelen, Peter HF and DeCastro, Francisco and Ahumada, Jorge A and LaPointe, Dennis A and Atkinson, Carter T and Woodworth, Bethany L and Hart, Patrick J and Duffy, David C},
journal={Ecological Applications},
volume={21},
number={8},
pages={2960--2973},
year={2011},
publisher={Wiley Online Library}
}

@book{jessup2023wildlife,
title={Wildlife Disease and Health in Conservation},
editor={Jessup, David A and Radcliffe, Robin W},
author={Atkinson, Carter T},
year={2023},
publisher={JHU Press},
ISBN={978-1-4214-4674-5},
Chapter={Avian Malaria and the Extinction of Hawiian Forest Birds}
}

@article{lai2019evaluating,
  title={Evaluating the popularity of R in ecology},
  author={Lai, Jiangshan and Lortie, Christopher J and Muenchen, Robert A and Yang, Jian and Ma, Keping},
  journal={Ecosphere},
  volume={10},
  number={1},
  pages={e02567},
  year={2019},
  publisher={Wiley Online Library}
}


@article{mammola2024functional,
  title={Functional convergence underground? The scale-dependency of community assembly processes in European cave spiders},
  author={Mammola, Stefano and Graco-Roza, Caio and Ballarin, Francesco and Hesselberg, Thomas and Isaia, Marco and Lunghi, Enrico and Mouron, Samuel and Pavlek, Martina and Tolve, Marco and Cardoso, Pedro},
  journal={Global ecology and biogeography},
  pages={e13840},
  year={2024},
  publisher={Wiley Online Library}
}

@article{boonman2022trait,
  title={Trait-based projections of climate change effects on global biome distributions},
  author={Boonman, Coline CF and Huijbregts, Mark AJ and Ben{\'\i}tez-L{\'o}pez, Ana and Schipper, Aafke M and Thuiller, Wilfried and Santini, Luca},
  journal={Diversity and Distributions},
  volume={28},
  number={1},
  pages={25--37},
  year={2022},
  publisher={Wiley Online Library}
}

@article{cardoso2024calculating,
  title={Calculating functional diversity metrics using neighbor-joining trees},
  author={Cardoso, Pedro and Guillerme, Thomas and Mammola, Stefano and Matthews, Thomas J and Rigal, Francois and Graco-Roza, Caio and Stahls, Gunilla and Carlos Carvalho, Jose},
  journal={Ecography},
  pages={e07156},
  year={2024},
  publisher={Wiley Online Library}
}

@article{van2023should,
  title={Why should we compare morphological and molecular disparity?},
  author={Van Den Ende, Conrad and Puttick, Mark N and Urrutia, Araxi O and Wills, Matthew A},
  journal={Methods in Ecology and Evolution},
  volume={14},
  number={9},
  pages={2390--2410},
  year={2023},
  publisher={Wiley Online Library}
}

@article{danet2024species,
  title={Species diversity promotes facilitation under stressful conditions},
  author={Danet, Alain and Bautista, Susana and G{\'e}nin, Alexandre and Beckerman, Andrew P and Anthelme, Fabien and K{\'e}fi, Sonia},
  journal={Oikos},
  pages={e10303},
  year={2024},
  publisher={Wiley Online Library}
}

@article{guillerme2023innovation,
  title={Innovation and elaboration on the avian tree of life},
  author={Guillerme, Thomas and Bright, Jen A and Cooney, Christopher R and Hughes, Emma C and Varley, Zo{\"e} K and Cooper, Natalie and Beckerman, Andrew P and Thomas, Gavin H},
  journal={Science Advances},
  volume={9},
  number={43},
  pages={eadg1641},
  year={2023},
  publisher={American Association for the Advancement of Science}
}

@software{zenodo,
  author       = {Thomas Guillerme and
                  Maria Wagner Jorgensen and
                  Pedro Cardoso},
  title        = {{TGuillerme/eco\_metrics\_simulations: First 
                   Submission}},
  month        = jun,
  year         = 2024,
  publisher    = {Zenodo},
  version      = {1.0},
  doi          = {10.5281/zenodo.11488416},
  url          = {https://doi.org/10.5281/zenodo.11488416}
}

@article{guillerme2024,
  title={preprint},
  year={2024}
}


@book{silverman1986density,
  title={Density Estimation for Statistics and Data Analysis},
  author={Silverman, B.W.},
  isbn={9780412246203},
  lccn={86021347},
  series={Chapman \& Hall/CRC Monographs on Statistics \& Applied Probability},
  url={http://books.google.ie/books?id=e-xsrjsL7WkC},
  year={1986},
  publisher={Taylor \& Francis}
}

@article{healy2019animal,
  title={Animal life history is shaped by the pace of life and the distribution of age-specific mortality and reproduction},
  author={Healy, Kevin and Ezard, Thomas HG and Jones, Owen R and Salguero-G{\'o}mez, Roberto and Buckley, Yvonne M},
  journal={Nature ecology \& evolution},
  volume={3},
  number={8},
  pages={1217--1224},
  year={2019},
  publisher={Nature Publishing Group UK London}
}
